
@BOOK{wegener,
  TITLE = {Theoretische Informatik},
  SUBTITLE = {Eine algorithmenorientierte Einführung},
  AUTHOR = {Wegener, Ingo},
  YEAR = {2005},
  PUBLISHER = {Teubner},
}

@online{Hadoop,
  author = {Weitz},
  title = {Clique ist NP-vollständig},
  year = 2017,
  url = {https://www.youtube.com/watch?v=D3gkCTRMcKU},
  urldate = {2019-02-25}
}