
@BOOK{wegener,
  TITLE = {Theoretische Informatik},
  SUBTITLE = {Eine algorithmenorientierte Einführung},
  AUTHOR = {Wegener, Ingo},
  YEAR = {2005},
  PUBLISHER = {Teubner},
}

@online{weitz,
  author = {Weitz},
  title = {Clique ist NP-vollständig},
  year = 2017,
  url = {https://www.youtube.com/watch?v=D3gkCTRMcKU},
  urldate = {2019-02-25}
}

@online{cliqueImage1,
  author = {Erin Silversmith},
  title = {Datei:6n-graf-clique.svg},
  year = 2006,
  url = {https://upload.wikimedia.org/wikipedia/commons/8/86/6n-graf-clique.svg},
  urldate = {2019-03-17}
}

@online{cliqueImage2,
  author = {David Eppstein},
  title = {File:VR complex.svg},
  year = 2007,
  url = {https://upload.wikimedia.org/wikipedia/commons/d/d0/VR_complex.svg},
  urldate = {2019-03-17}
}

@online{knapsackImage1,
  author = {Keenan Pepper},
  title = {File:VR complex.svg},
  year = 2007,
  url = {https://en.wikipedia.org/wiki/Knapsack_problem#/media/File:Knapsack.svg},
  urldate = {2019-03-21}
}